
@article{manning2014,
	title = {Two Decades of Stability and Change in Age at First Union Formation: Stability and Change in Age at First Union},
	author = {Manning, Wendy D. and Brown, Susan L. and Payne, Krista K.},
	year = {2014},
	month = {04},
	date = {2014-04},
	journal = {Journal of Marriage and Family},
	pages = {247--260},
	volume = {76},
	number = {2},
	doi = {10.1111/jomf.12090},
	url = {https://onlinelibrary.wiley.com/doi/10.1111/jomf.12090},
	langid = {en}
}

@article{ghitza2022,
	title = {The Great Society, Reagan's Revolution, and Generations of Presidential Voting},
	author = {Ghitza, Yair and Gelman, Andrew and Auerbach, Jonathan},
	year = {2022},
	month = {09},
	date = {2022-09},
	journal = {American Journal of Political Science},
	pages = {ajps.12713},
	doi = {10.1111/ajps.12713},
	url = {https://onlinelibrary.wiley.com/doi/10.1111/ajps.12713},
	langid = {en}
}

@article{ansolabehere2008,
	title = {The Strength of Issues: Using Multiple Measures to Gauge Preference Stability, Ideological Constraint, and Issue Voting},
	author = {Ansolabehere, Stephen and Rodden, Jonathan and Snyder, James M.},
	year = {2008},
	month = {05},
	date = {2008-05},
	journal = {American Political Science Review},
	pages = {215--232},
	volume = {102},
	number = {2},
	doi = {10.1017/S0003055408080210},
	url = {https://www.cambridge.org/core/product/identifier/S0003055408080210/type/journal_article},
	langid = {en}
}

@article{allison1999,
	title = {Comparing Logit and Probit Coefficients Across Groups},
	author = {Allison, Paul D.},
	year = {1999},
	month = {11},
	date = {1999-11-01},
	journal = {Sociological Methods & Research},
	pages = {186--208},
	volume = {28},
	number = {2},
	doi = {10.1177/0049124199028002003},
	url = {https://doi.org/10.1177/0049124199028002003},
	note = {Publisher: SAGE Publications Inc},
	langid = {en}
}

@article{alwin1991,
	title = {Aging, Cohorts, and the Stability of Sociopolitical Orientations Over the Life Span},
	author = {Alwin, Duane F. and Krosnick, Jon A.},
	year = {1991},
	date = {1991},
	journal = {American Journal of Sociology},
	pages = {169--195},
	volume = {97},
	number = {1},
	url = {https://www.jstor.org/stable/2781642},
	note = {Publisher: University of Chicago Press}
}

@article{vaisey2016,
	title = {Cultural Fragmentation or Acquired Dispositions? A New Approach to Accounting for Patterns of Cultural Change},
	author = {Vaisey, Stephen and Lizardo, Omar},
	year = {2016},
	month = {01},
	date = {2016-01-01},
	journal = {Socius},
	pages = {2378023116669726},
	volume = {2},
	doi = {10.1177/2378023116669726},
	url = {https://doi.org/10.1177/2378023116669726},
	note = {Publisher: SAGE Publications},
	langid = {en}
}

@inbook{mannheim1952,
	title = {The Problem of Generations},
	author = {Mannheim, Karl},
	year = {1952},
	date = {1952},
	publisher = {Oxford University Press},
	pages = {276--322},
	address = {New York},
	langid = {en}
}

@article{ryder1965,
	title = {The Cohort as a Concept in the Study of Social Change},
	author = {Ryder, Norman B.},
	year = {1965},
	date = {1965},
	journal = {American Sociological Review},
	pages = {843--861},
	volume = {30},
	number = {6},
	doi = {10.2307/2090964},
	url = {https://www.jstor.org/stable/2090964},
	note = {Publisher: [American Sociological Association, Sage Publications, Inc.]}
}

@article{cherlin2004,
	title = {The deinstitutionalization of American marriage},
	author = {Cherlin, Andrew J.},
	year = {2004},
	month = {11},
	date = {2004-11},
	journal = {Journal of Marriage and Family},
	pages = {848--861},
	volume = {66},
	number = {4},
	doi = {10.1111/j.0022-2445.2004.00058.x},
	url = {https://onlinelibrary.wiley.com/doi/10.1111/j.0022-2445.2004.00058.x},
	langid = {en}
}

@article{cherlin2021,
	title = {Rising nonmarital first childbearing among college-educated women: Evidence from three national studies},
	author = {Cherlin, Andrew J.},
	year = {2021},
	month = {09},
	date = {2021-09-14},
	journal = {Proceedings of the National Academy of Sciences},
	pages = {e2109016118},
	volume = {118},
	number = {37},
	doi = {10.1073/pnas.2109016118},
	url = {https://pnas.org/doi/full/10.1073/pnas.2109016118},
	langid = {en}
}

@article{brückner2005,
	title = {De-Standardization of the Life Course: What it Might Mean? And if it Means Anything, Whether it Actually Took Place?},
	author = {{Brückner}, Hannah and Mayer, Karl Ulrich},
	year = {2005},
	month = {01},
	date = {2005-01},
	journal = {Advances in Life Course Research},
	pages = {27--53},
	volume = {9},
	doi = {10.1016/S1040-2608(04)09002-1},
	url = {https://linkinghub.elsevier.com/retrieve/pii/S1040260804090021},
	langid = {en}
}

@book{buchmann1989,
	title = {The script of life in modern society: entry into adulthood in a changing world},
	author = {Buchmann, Marlis},
	year = {1989},
	date = {1989},
	publisher = {University of Chicago Press},
	address = {Chicago}
}

@article{rosenfeld2005,
	title = {The Independence of Young Adults and the Rise of Interracial and Same-Sex Unions},
	author = {Rosenfeld, Michael J. and Kim, Byung-Soo},
	year = {2005},
	month = {08},
	date = {2005-08},
	journal = {American Sociological Review},
	pages = {541--562},
	volume = {70},
	number = {4},
	doi = {10.1177/000312240507000401},
	url = {http://journals.sagepub.com/doi/10.1177/000312240507000401},
	langid = {en}
}

@techreport{guhin2020,
	title = {Whatever Happened to Socialization?},
	author = {Guhin, Jeffrey and Calarco, Jessica McCrory and Miller-Idriss, Cynthia},
	year = {2020},
	month = {08},
	date = {2020-08-29},
	doi = {10.31235/osf.io/zp2wy},
	url = {https://osf.io/zp2wy},
	note = {DOI: 10.31235/osf.io/zp2wy},
	langid = {en}
}

@article{bartels2014,
	title = {A generational model of political learning},
	author = {Bartels, Larry M. and Jackman, Simon},
	year = {2014},
	month = {03},
	date = {2014-03-01},
	journal = {Electoral Studies},
	pages = {7--18},
	volume = {33},
	doi = {10.1016/j.electstud.2013.06.004},
	url = {http://www.sciencedirect.com/science/article/pii/S026137941300084X},
	langid = {en}
}

@article{visser2004,
	title = {Development of Attitude Strength Over the Life Cycle: Surge and Decline},
	author = {Visser, Penny S and Krosnick, Jon A},
	year = {2004},
	date = {2004},
	journal = {Journal of Personality and Social Psychology},
	pages = {779--95},
	volume = {87},
	number = {6},
	langid = {en}
}

@article{krosnick1989,
	title = {Aging and Susceptibility to Attitude Change},
	author = {Krosnick, Jon and Alwin, Duane},
	year = {1989},
	month = {10},
	date = {1989-10-01},
	journal = {Journal of personality and social psychology},
	pages = {416--25},
	volume = {57},
	doi = {10.1037//0022-3514.57.3.416}
}

@article{sears1999,
	title = {Evidence of the Long-Term Persistence of Adults' Political Predispositions},
	author = {Sears, David O. and Funk, Carolyn L.},
	year = {1999},
	month = {02},
	date = {1999-02},
	journal = {The Journal of Politics},
	pages = {1--28},
	volume = {61},
	number = {1},
	doi = {10.2307/2647773},
	url = {https://www.journals.uchicago.edu/doi/10.2307/2647773},
	langid = {en}
}

@article{danigelis2007,
	title = {Population Aging, Intracohort Aging, and Sociopolitical Attitudes},
	author = {Danigelis, Nicholas L. and Hardy, Melissa and Cutler, Stephen J.},
	year = {2007},
	month = {10},
	date = {2007-10-01},
	journal = {American Sociological Review},
	pages = {812--830},
	volume = {72},
	number = {5},
	doi = {10.1177/000312240707200508},
	url = {https://doi.org/10.1177/000312240707200508},
	note = {Publisher: SAGE Publications Inc},
	langid = {en}
}

@article{prior2010,
	title = {You{\textquoteright}ve Either Got It or You Don{\textquoteright}t? The Stability of Political Interest over the Life Cycle},
	author = {Prior, Markus},
	year = {2010},
	date = {2010},
	journal = {The Journal of Politics},
	pages = {747--766},
	volume = {72},
	number = {3},
	doi = {10.1017/s0022381610000149},
	url = {https://www.jstor.org/stable/10.1017/s0022381610000149},
	note = {Publisher: [The University of Chicago Press, Southern Political Science Association]}
}

@article{wagner2019,
	title = {Does personality become more stable with age? Disentangling state and trait effects for the big five across the life span using local structural equation modeling},
	author = {Wagner, Jenny and {Lüdtke}, Oliver and Robitzsch, Alexander},
	year = {2019},
	date = {2019},
	journal = {Journal of Personality and Social Psychology},
	pages = {666--680},
	volume = {116},
	number = {4},
	doi = {10.1037/pspp0000203},
	note = {Place: US
Publisher: American Psychological Association}
}

@article{kiley2020,
	title = {Measuring Stability and Change in Personal Culture Using Panel Data},
	author = {Kiley, Kevin and Vaisey, Stephen},
	year = {2020},
	month = {06},
	date = {2020-06-01},
	journal = {American Sociological Review},
	pages = {477--506},
	volume = {85},
	number = {3},
	doi = {10.1177/0003122420921538},
	url = {https://doi.org/10.1177/0003122420921538},
	note = {Publisher: SAGE Publications Inc},
	langid = {en}
}

@article{geist2008,
	title = {Geographical mobility over the life course: motivations and implications},
	author = {Geist, Claudia and McManus, Patricia A.},
	year = {2008},
	month = {07},
	date = {2008-07},
	journal = {Population, Space and Place},
	pages = {283--303},
	volume = {14},
	number = {4},
	doi = {10.1002/psp.508},
	url = {https://onlinelibrary.wiley.com/doi/10.1002/psp.508},
	langid = {en}
}

@article{campbell2016,
	title = {Does College Influence Sociopolitical Attitudes?},
	author = {Campbell, Colin and Horowitz, Jonathan},
	year = {2016},
	month = {01},
	date = {2016-01},
	journal = {Sociology of Education},
	pages = {40--58},
	volume = {89},
	number = {1},
	doi = {10.1177/0038040715617224},
	url = {http://journals.sagepub.com/doi/10.1177/0038040715617224},
	langid = {en}
}

@article{wodtke2018,
	title = {The Effects of Education on Beliefs about Racial Inequality},
	author = {Wodtke, Geoffrey T.},
	year = {2018},
	month = {12},
	date = {2018-12},
	journal = {Social Psychology Quarterly},
	pages = {273--294},
	volume = {81},
	number = {4},
	doi = {10.1177/0190272518804145},
	url = {http://journals.sagepub.com/doi/10.1177/0190272518804145},
	langid = {en}
}

@article{granovetter1973,
	title = {The Strength of Weak Ties},
	author = {Granovetter, Mark S.},
	year = {1973},
	date = {1973},
	journal = {American Journal of Sociology},
	pages = {1360--1380},
	volume = {78},
	number = {6},
	url = {http://www.jstor.org/stable/2776392},
	note = {Publisher: University of Chicago Press}
}

@book{burt2005,
	title = {Brokerage and Closure: An Introduction to Social Capital},
	author = {Burt, Ronald S.},
	year = {2005},
	month = {08},
	date = {2005-08-11},
	publisher = {OUP Oxford},
	note = {Google-Books-ID: zEgVDAAAQBAJ},
	langid = {en}
}

@article{eaton2009,
	title = {Social Power and Attitude Strength Over the Life Course},
	author = {Eaton, Asia A. and Visser, Penny S. and Krosnick, Jon A. and Anand, Sowmya},
	year = {2009},
	month = {12},
	date = {2009-12},
	journal = {Personality and Social Psychology Bulletin},
	pages = {1646--1660},
	volume = {35},
	number = {12},
	doi = {10.1177/0146167209349114},
	url = {http://journals.sagepub.com/doi/10.1177/0146167209349114},
	langid = {en}
}

@article{marsden1987,
	title = {Core Discussion Networks of Americans},
	author = {Marsden, Peter V.},
	year = {1987},
	date = {1987},
	journal = {American Sociological Review},
	pages = {122--131},
	volume = {52},
	number = {1},
	doi = {10.2307/2095397},
	url = {https://www.jstor.org/stable/2095397},
	note = {Publisher: [American Sociological Association, Sage Publications, Inc.]}
}

@article{diprete2011,
	title = {Segregation in Social Networks Based on Acquaintanceship and Trust},
	author = {DiPrete, Thomas A. and Gelman, Andrew and McCormick, Tyler and Teitler, Julien and Zheng, Tian},
	year = {2011},
	month = {01},
	date = {2011-01},
	journal = {American Journal of Sociology},
	pages = {1234--83},
	volume = {116},
	number = {4},
	doi = {10.1086/659100},
	url = {https://www.journals.uchicago.edu/doi/10.1086/659100},
	langid = {en}
}

@techreport{eickmeyer2017,
	title = {Crossover in the Median Age at First Marriage and First Birth: Thirty-Five Years of Change},
	author = {Eickmeyer, Kasey and Payne, Krista and Brown, Susan and Manning, Wendy},
	year = {2017},
	month = {09},
	date = {2017-09},
	doi = {10.25035/ncfmr/fp-17-22},
	url = {https://www.bgsu.edu/ncfmr/resources/data/family-profiles/eickmeyer-payne-brown-manning-crossover-age-first-marriage-birth-fp-17-22.html},
	note = {DOI: 10.25035/ncfmr/fp-17-22},
	langid = {en}
}

@inbook{converse1964,
	title = {The nature of belief systems in mass publics (1964)},
	author = {Converse, Philip E.},
	editor = {Apter, D. E.},
	year = {1964},
	date = {1964},
	publisher = {Free Press},
	pages = {206--261},
	volume = {18},
	address = {New York},
	langid = {en}
}

@article{achen1975,
	title = {Mass Political Attitudes and the Survey Response},
	author = {Achen, Christopher H.},
	year = {1975},
	date = {1975},
	journal = {The American Political Science Review},
	pages = {1218--1231},
	volume = {69},
	number = {4},
	doi = {10.2307/1955282},
	url = {https://www.jstor.org/stable/1955282},
	note = {Publisher: [American Political Science Association, Cambridge University Press]}
}

@book{kinder2017,
	title = {Neither Liberal nor Conservative: Ideological Innocence in the American Public},
	author = {Kinder, Donald R. and Kalmoe, Nathan P.},
	year = {2017},
	date = {2017},
	publisher = {University of Chicago Press},
	address = {Chicago}
}

@book{zaller1992,
	title = {The Nature and Origins of Mass Opinion},
	author = {Zaller, John},
	year = {1992},
	date = {1992},
	publisher = {Cambridge University Press},
	series = {Cambridge Studies in Public Opinion and Political Psychology},
	doi = {10.1017/CBO9780511818691},
	url = {https://www.cambridge.org/core/books/nature-and-origins-of-mass-opinion/70B1485D3A9CFF55ADCCDD42FC7E926A},
	note = {DOI: 10.1017/CBO9780511818691},
	address = {Cambridge}
}

@article{hout2016,
	title = {Reliability of the Core Items in the General Social Survey: Estimates from the Three-Wave Panels, 2006{\textendash}2014},
	author = {Hout, Michael and Hastings, Orestes P.},
	year = {2016},
	month = {11},
	date = {2016-11-14},
	journal = {Sociological Science},
	pages = {971--1002},
	volume = {3},
	doi = {10.15195/v3.a43},
	url = {https://sociologicalscience.com/articles-v3-43-971/},
	langid = {canadian}
}
